1737 2456
244 257 613 106 Bienvenido
906 289 52 74 a
1008 257 301 106 Word

236 416 302 38 Instrucciones
562 426 84 39 que
671 414 142 51 puede
836 414 145 45 editar,

233 491 228 49 compartir
482 501 22 28 e
528 491 195 49 imprimir

211 603 19 22 A
242 601 134 24 diferencia
389 601 32 24 de
435 601 33 24 las
480 601 71 32 guías
564 601 32 24 de
608 602 100 23 usuario
721 601 108 28 clásicas,
842 604 54 21 este
909 601 159 24 documento
1080 609 27 16 es
1119 609 63 24 suyo
1192 609 15 24 y
1220 601 84 31 puede
1316 601 132 31 adaptarlo
1460 609 13 16 a

212 655 42 16 sus
267 647 175 24 necesidades.
456 647 141 32 Leyéndolo
609 647 141 31 aprenderá
762 647 110 32 algunos
884 650 142 28 conceptos
1039 647 100 24 básicos
1150 655 87 16 acerca
1250 647 32 24 de
1293 647 83 28 Word,
1390 655 61 23 pero
1463 650 55 21 este

212 694 159 24 documento
385 702 32 16 no
430 702 26 16 es
469 694 55 24 solo
537 702 58 23 para
608 702 50 23 que
672 694 21 24 lo
707 694 43 24 lea.
762 694 119 24 También
894 702 27 16 es
934 702 57 23 para
1005 702 50 23 que
1068 694 22 24 lo
1103 694 74 28 edite,
1190 694 31 24 de
1233 694 81 24 forma
1327 702 50 23 que
1389 694 113 31 aprenda

213 740 132 24 haciendo.

213 811 57 22 Para
284 810 119 30 practicar
414 809 100 24 usando
526 809 194 24 características
732 809 32 24 de
776 809 83 28 Word,
872 809 100 31 busque
985 809 19 24 el
1017 812 69 21 texto
1099 809 32 24 de
1143 809 69 24 color
1224 810 52 31 rojo
1290 809 133 24 Inténtelo
1435 817 31 16 en

211 855 65 24 todo
288 858 55 21 este
355 855 166 24 documento.

978 924 105 24 Ahorro
1094 924 35 24 de
1140 924 114 31 tiempo:
1267 925 21 23 Si
1301 924 55 24 solo
1367 925 68 23 tiene
1448 932 32 16 un

981 971 96 23 minuto
1088 978 15 24 y
1114 970 78 24 desea
1203 978 44 16 ver
1258 970 76 24 cómo
1345 970 119 24 funciona

980 1019 63 25 esto,
1054 1024 46 16 vea
1113 1019 54 21 este
1178 1016 82 24 vídeo:
1274 1016 152 24 Bienvenido
1438 1024 13 16 a

977 1062 85 30 Word.

296 1084 44 15 Word

297 1107 358 46 BIENVENIDO
670 1108 42 44 A
728 1108 147 44 WOR

217 1412 212 57 Escribe
456 1412 75 57 de
556 1411 182 58 forma
767 1412 319 65 elocuente,
1115 1429 109 40 con
1255 1429 70 40 un
1358 1429 152 56 poco

213 1493 75 57 de
316 1493 183 81 ayuda

211 1619 75 24 Word
300 1619 157 31 comprueba
471 1619 19 24 la
503 1619 136 32 ortografía
650 1627 15 24 y
677 1619 19 24 la
709 1619 136 32 gramática
858 1619 32 24 de
902 1619 80 24 forma
994 1619 155 24 automática
1160 1627 15 24 y
1187 1627 81 16 marca
1282 1619 34 24 las
1329 1619 115 31 palabras
1457 1619 46 24 mal

212 1666 101 23 escritas
326 1673 48 16 con
386 1673 33 16 un
432 1665 143 32 subrayado
588 1665 132 24 ondulado
734 1666 58 31 rojo.
806 1667 26 22 La
846 1673 82 16 marca
942 1673 57 23 para
1013 1665 36 24 los
1062 1665 145 31 problemas
1220 1665 32 24 de
1264 1665 136 32 gramática
1413 1673 27 16 es
1452 1673 33 16 un

212 1711 144 32 subrayado
369 1711 77 24 doble
457 1711 61 24 azul.

213 1781 141 24 Inténtelo:
366 1781 116 31 Coloque
495 1781 20 24 el
528 1789 86 16 cursor
624 1781 20 24 al
657 1781 56 24 final
727 1781 32 24 de
771 1784 55 21 este
839 1781 98 31 párrafo
948 1789 15 24 y
975 1782 117 30 presione
1106 1783 81 22 Entrar
1199 1789 57 23 para
1269 1789 120 23 empezar
1400 1789 32 16 un

213 1835 83 16 nuevo
309 1827 105 31 párrafo.
428 1827 93 24 Escriba
534 1835 49 16 una
595 1827 65 24 frase
672 1835 48 16 con
733 1835 96 16 errores
841 1827 168 32 ortográficos
1029 1835 7 16 o
1049 1827 174 32 gramaticales
1234 1835 15 24 y
1261 1828 118 30 presione
1392 1829 81 22 Entrar

213 1881 57 23 para
284 1873 44 24 dar
340 1881 45 23 por
395 1873 134 24 finalizado
542 1873 19 24 el
576 1873 105 31 párrafo.

213 1944 69 30 Haga
295 1942 43 24 clic
349 1950 48 16 con
410 1942 20 24 el
444 1942 81 24 botón
537 1942 112 24 derecho
662 1950 31 16 en
706 1942 19 24 el
738 1945 69 21 texto
820 1942 144 32 subrayado
976 1950 15 16 o
1005 1943 117 30 presione
1136 1944 34 22 F7.
1183 1942 146 24 Seleccione
1342 1950 48 16 una

212 1989 148 31 sugerencia
374 1996 58 23 para
445 1989 108 31 corregir
565 1988 36 24 los
613 1996 103 16 errores.
